@misc{jdk,
  title = {JDK คืออะไร},
  year = {2017},
  note = {Online; Last accessed 3 October 2021},
  howpublished = {https://www.mindphp.com/%E0%B8%84%E0%B8%B9%E0%B9%88%E0%B8%A1%E0%B8%B7%E0%B8%AD/73-%E0%B8%84%E0%B8%B7%E0%B8%AD%E0%B8%AD%E0%B8%B0%E0%B9%84%E0%B8%A3/2232-jdk-%E0%B8%84%E0%B8%B7%E0%B8%AD%E0%B8%AD%E0%B8%B0%E0%B9%84%E0%B8%A3.html},
 }
@misc{sdk_tool,
  title = {SDK คืออะไร},
  year = {2017},
  note = {Online; Last accessed 3 October 2021},
  howpublished = {https://www.mindphp.com/%E0%B8%84%E0%B8%B9%E0%B9%88%E0%B8%A1%E0%B8%B7%E0%B8%AD/73-%E0%B8%84%E0%B8%B7%E0%B8%AD%E0%B8%AD%E0%B8%B0%E0%B9%84%E0%B8%A3/2261-sdk-%E0%B8%84%E0%B8%B7%E0%B8%AD%E0%B8%AD%E0%B8%B0%E0%B9%84%E0%B8%A3.html},
 }
@misc{android,
  author = {'Ponglang Petrung'},
  title = {สถาปัตยกรรมของระบบแอนดรอยด์( โครงสร้างของระบบแอนดรอยด์) },
  year = {2017},
  note = {Online; Last accessed 3 October 2021},
  howpublished = {https://pongployappdev.medium.com/%E0%B8%9A%E0%B8%97%E0%B8%97%E0%B8%B5%E0%B9%88-1-%E0%B8%AA%E0%B8%96%E0%B8%B2%E0%B8%9B%E0%B8%B1%E0%B8%95%E0%B8%A2%E0%B8%81%E0%B8%A3%E0%B8%A3%E0%B8%A1%E0%B8%82%E0%B8%AD%E0%B8%87%E0%B8%A3%E0%B8%B0%E0%B8%9A%E0%B8%9A%E0%B9%81%E0%B8%AD%E0%B8%99%E0%B8%94%E0%B8%A3%E0%B8%AD%E0%B8%A2%E0%B8%94%E0%B9%8C-%E0%B9%82%E0%B8%84%E0%B8%A3%E0%B8%87%E0%B8%AA%E0%B8%A3%E0%B9%89%E0%B8%B2%E0%B8%87%E0%B8%82%E0%B8%AD%E0%B8%87%E0%B8%A3%E0%B8%B0%E0%B8%9A%E0%B8%9A%E0%B9%81%E0%B8%AD%E0%B8%99%E0%B8%94%E0%B8%A3%E0%B8%AD%E0%B8%A2%E0%B8%94%E0%B9%8C-%E0%B9%80%E0%B8%9A%E0%B8%B7%E0%B9%89%E0%B8%AD%E0%B8%87%E0%B8%95%E0%B9%89%E0%B8%99-75481fcadbd8},
 }
@misc{firebase,
  author = {'Sirawit'},
  title = {ทำความรู้จัก Firebase และผลิตภัณฑ์ต่าง ๆ },
  year = {2019},
  note = {Online; Last accessed 3 October 2021},
  howpublished = {https://medium.com/@sirawit/firebase-%E0%B8%84%E0%B8%B7%E0%B8%AD%E0%B8%AD%E0%B8%B0%E0%B9%84%E0%B8%A3-%E0%B8%97%E0%B8%B3%E0%B8%84%E0%B8%A7%E0%B8%B2%E0%B8%A1%E0%B8%A3%E0%B8%B9%E0%B9%89%E0%B8%88%E0%B8%B1%E0%B8%81-firebase-%E0%B9%83%E0%B8%99%E0%B8%8A%E0%B9%88%E0%B8%A7%E0%B8%87%E0%B8%95%E0%B9%89%E0%B8%99%E0%B8%9B%E0%B8%B5-2019-%E0%B8%81%E0%B8%B1%E0%B8%99-473a8e8699fb},
 }
@misc{android_studio,
  author = {'Plam's'},
  title = {เริ่มต้นสร้าง Android Application พื้นฐานด้วย Android Studio  },
  year = {2018},
  note = {Online; Last accessed 3 October 2021},
  howpublished = {https://medium.com/@palmz/%E0%B9%80%E0%B8%A3%E0%B8%B4%E0%B9%88%E0%B8%A1%E0%B8%95%E0%B9%89%E0%B8%99%E0%B8%AA%E0%B8%A3%E0%B9%89%E0%B8%B2%E0%B8%87-android-application-%E0%B8%9E%E0%B8%B7%E0%B9%89%E0%B8%99%E0%B8%90%E0%B8%B2%E0%B8%99%E0%B8%94%E0%B9%89%E0%B8%A7%E0%B8%A2-android-studio-lab-3sb04-3fda43b07a1},
 }
@misc{json,
  title = {JSON คืออะไร },
  year = {2017},
  note = {Online; Last accessed 3 October 2021},
  howpublished = {https://www.9experttraining.com/articles/json-%E0%B8%84%E0%B8%B7%E0%B8%AD%E0%B8%AD%E0%B8%B0%E0%B9%84%E0%B8%A3-%E0%B9%81%E0%B8%A5%E0%B8%B0-json-query-%E0%B9%83%E0%B8%99-sql-server },
 }

@misc{nosql_is,
  title = {NoSQL คืออะไร},
  year = {2014},
  note = {Online; Last accessed 3 October 2021},
  howpublished = {https://aws.amazon.com/th/nosql/},
 }
@misc{adv_is,
  title = {ADV คืออะไร},
  year = {2017},
  note = {Online; Last accessed 3 October 2021},
  howpublished = {https://www.mindphp.com/%E0%B8%84%E0%B8%B9%E0%B9%88%E0%B8%A1%E0%B8%B7%E0%B8%AD/73-%E0%B8%84%E0%B8%B7%E0%B8%AD%E0%B8%AD%E0%B8%B0%E0%B9%84%E0%B8%A3/2258-adv-%E0%B8%84%E0%B8%B7%E0%B8%AD%E0%B8%AD%E0%B8%B0%E0%B9%84%E0%B8%A3.html},
 }